@online{doitpoms_beams,
  title = {Bending and torsion of beams TLP, DoITPoMS},
  url = {https://www.doitpoms.ac.uk/tlplib/beam_bending/bend_moments.php},
  urldate = {2018-08-21}
}}

